<?xml version="1.0" encoding="utf-8" ?>
<gnc-v2
     xmlns:gnc="http://www.gnucash.org/XML/gnc"
     xmlns:act="http://www.gnucash.org/XML/act"
     xmlns:book="http://www.gnucash.org/XML/book"
     xmlns:cd="http://www.gnucash.org/XML/cd"
     xmlns:cmdty="http://www.gnucash.org/XML/cmdty"
     xmlns:price="http://www.gnucash.org/XML/price"
     xmlns:slot="http://www.gnucash.org/XML/slot"
     xmlns:split="http://www.gnucash.org/XML/split"
     xmlns:sx="http://www.gnucash.org/XML/sx"
     xmlns:trn="http://www.gnucash.org/XML/trn"
     xmlns:ts="http://www.gnucash.org/XML/ts"
     xmlns:fs="http://www.gnucash.org/XML/fs"
     xmlns:bgt="http://www.gnucash.org/XML/bgt"
     xmlns:recurrence="http://www.gnucash.org/XML/recurrence"
     xmlns:lot="http://www.gnucash.org/XML/lot"
     xmlns:addr="http://www.gnucash.org/XML/addr"
     xmlns:billterm="http://www.gnucash.org/XML/billterm"
     xmlns:bt-days="http://www.gnucash.org/XML/bt-days"
     xmlns:bt-prox="http://www.gnucash.org/XML/bt-prox"
     xmlns:cust="http://www.gnucash.org/XML/cust"
     xmlns:employee="http://www.gnucash.org/XML/employee"
     xmlns:entry="http://www.gnucash.org/XML/entry"
     xmlns:invoice="http://www.gnucash.org/XML/invoice"
     xmlns:job="http://www.gnucash.org/XML/job"
     xmlns:order="http://www.gnucash.org/XML/order"
     xmlns:owner="http://www.gnucash.org/XML/owner"
     xmlns:taxtable="http://www.gnucash.org/XML/taxtable"
     xmlns:tte="http://www.gnucash.org/XML/tte"
     xmlns:vendor="http://www.gnucash.org/XML/vendor">
<gnc:count-data cd:type="book">1</gnc:count-data>
<gnc:book version="2.0.0">
<book:id type="guid">31f0172696654e069867c54ef14e2c3f</book:id>
<book:slots>
  <slot>
    <slot:key>counter_formats</slot:key>
    <slot:value type="frame">
      <slot>
        <slot:key>gncBill</slot:key>
        <slot:value type="string"></slot:value>
      </slot>
      <slot>
        <slot:key>gncCustomer</slot:key>
        <slot:value type="string"></slot:value>
      </slot>
      <slot>
        <slot:key>gncEmployee</slot:key>
        <slot:value type="string"></slot:value>
      </slot>
      <slot>
        <slot:key>gncExpVoucher</slot:key>
        <slot:value type="string"></slot:value>
      </slot>
      <slot>
        <slot:key>gncInvoice</slot:key>
        <slot:value type="string"></slot:value>
      </slot>
      <slot>
        <slot:key>gncJob</slot:key>
        <slot:value type="string"></slot:value>
      </slot>
      <slot>
        <slot:key>gncOrder</slot:key>
        <slot:value type="string"></slot:value>
      </slot>
      <slot>
        <slot:key>gncVendor</slot:key>
        <slot:value type="string"></slot:value>
      </slot>
    </slot:value>
  </slot>
  <slot>
    <slot:key>counters</slot:key>
    <slot:value type="frame">
      <slot>
        <slot:key>gncBill</slot:key>
        <slot:value type="integer">0</slot:value>
      </slot>
      <slot>
        <slot:key>gncCustomer</slot:key>
        <slot:value type="integer">0</slot:value>
      </slot>
      <slot>
        <slot:key>gncEmployee</slot:key>
        <slot:value type="integer">0</slot:value>
      </slot>
      <slot>
        <slot:key>gncExpVoucher</slot:key>
        <slot:value type="integer">0</slot:value>
      </slot>
      <slot>
        <slot:key>gncInvoice</slot:key>
        <slot:value type="integer">0</slot:value>
      </slot>
      <slot>
        <slot:key>gncJob</slot:key>
        <slot:value type="integer">0</slot:value>
      </slot>
      <slot>
        <slot:key>gncOrder</slot:key>
        <slot:value type="integer">0</slot:value>
      </slot>
      <slot>
        <slot:key>gncVendor</slot:key>
        <slot:value type="integer">0</slot:value>
      </slot>
    </slot:value>
  </slot>
  <slot>
    <slot:key>features</slot:key>
    <slot:value type="frame">
      <slot>
        <slot:key>Register sort and filter settings stored in .gcm file</slot:key>
        <slot:value type="string">Store the register sort and filter settings in .gcm metadata file (requires at least GnuCash 3.3)</slot:value>
      </slot>
      <slot>
        <slot:key>Use a dedicated opening balance account identified by an 'equity-type' slot</slot:key>
        <slot:value type="string">Use a dedicated opening balance account identified by an 'equity-type' slot (requires at least Gnucash 4.3)</slot:value>
      </slot>
    </slot:value>
  </slot>
  <slot>
    <slot:key>options</slot:key>
    <slot:value type="frame">
      <slot>
        <slot:key>Accounts</slot:key>
        <slot:value type="frame">
          <slot>
            <slot:key>Day Threshold for Read-Only Transactions (red line)</slot:key>
            <slot:value type="double">0</slot:value>
          </slot>
          <slot>
            <slot:key>Use Split Action Field for Number</slot:key>
            <slot:value type="string">f</slot:value>
          </slot>
          <slot>
            <slot:key>Use Trading Accounts</slot:key>
            <slot:value type="string">f</slot:value>
          </slot>
        </slot:value>
      </slot>
      <slot>
        <slot:key>Business</slot:key>
        <slot:value type="frame">
          <slot>
            <slot:key>Company Address</slot:key>
            <slot:value type="string"></slot:value>
          </slot>
          <slot>
            <slot:key>Company Contact Person</slot:key>
            <slot:value type="string"></slot:value>
          </slot>
          <slot>
            <slot:key>Company Email Address</slot:key>
            <slot:value type="string"></slot:value>
          </slot>
          <slot>
            <slot:key>Company Fax Number</slot:key>
            <slot:value type="string"></slot:value>
          </slot>
          <slot>
            <slot:key>Company ID</slot:key>
            <slot:value type="string"></slot:value>
          </slot>
          <slot>
            <slot:key>Company Name</slot:key>
            <slot:value type="string"></slot:value>
          </slot>
          <slot>
            <slot:key>Company Phone Number</slot:key>
            <slot:value type="string"></slot:value>
          </slot>
          <slot>
            <slot:key>Company Website URL</slot:key>
            <slot:value type="string"></slot:value>
          </slot>
          <slot>
            <slot:key>Default Invoice Report</slot:key>
            <slot:value type="string">5123a759ceb9483abf2182d01c140e8d/Printable Invoice</slot:value>
          </slot>
          <slot>
            <slot:key>Default Invoice Report Timeout</slot:key>
            <slot:value type="double">0</slot:value>
          </slot>
        </slot:value>
      </slot>
      <slot>
        <slot:key>Tax</slot:key>
        <slot:value type="frame">
          <slot>
            <slot:key>Tax Number</slot:key>
            <slot:value type="string"></slot:value>
          </slot>
        </slot:value>
      </slot>
    </slot:value>
  </slot>
  <slot>
    <slot:key>remove-color-not-set-slots</slot:key>
    <slot:value type="string">true</slot:value>
  </slot>
</book:slots>
<gnc:count-data cd:type="commodity">1</gnc:count-data>
<gnc:count-data cd:type="account">7</gnc:count-data>
<gnc:count-data cd:type="transaction">5</gnc:count-data>
<gnc:commodity version="2.0.0">
  <cmdty:space>CURRENCY</cmdty:space>
  <cmdty:id>CHF</cmdty:id>
  <cmdty:get_quotes/>
  <cmdty:quote_source>currency</cmdty:quote_source>
  <cmdty:quote_tz/>
</gnc:commodity>
<gnc:commodity version="2.0.0">
  <cmdty:space>template</cmdty:space>
  <cmdty:id>template</cmdty:id>
  <cmdty:name>template</cmdty:name>
  <cmdty:xcode>template</cmdty:xcode>
  <cmdty:fraction>1</cmdty:fraction>
</gnc:commodity>
<gnc:account version="2.0.0">
  <act:name>Root Account2</act:name>
  <act:id type="guid">cfc4c7e90aaa48b8913d45bf3925e7ee</act:id>
  <act:type>ROOT</act:type>
  <act:commodity>
    <cmdty:space>CURRENCY</cmdty:space>
    <cmdty:id>CHF</cmdty:id>
  </act:commodity>
  <act:commodity-scu>100</act:commodity-scu>
</gnc:account>
<gnc:account version="2.0.0">
  <act:name>Actif</act:name>
  <act:id type="guid">8045706b3dc94697baa0ab7601536216</act:id>
  <act:type>ASSET</act:type>
  <act:commodity>
    <cmdty:space>CURRENCY</cmdty:space>
    <cmdty:id>CHF</cmdty:id>
  </act:commodity>
  <act:commodity-scu>100</act:commodity-scu>
  <act:code>ACT</act:code>
  <act:description>Actif</act:description>
  <act:slots>
    <slot>
      <slot:key>balance-limit</slot:key>
      <slot:value type="frame"/>
    </slot>
    <slot>
      <slot:key>color</slot:key>
      <slot:value type="string">rgb(237,236,235)</slot:value>
    </slot>
  </act:slots>
  <act:parent type="guid">cfc4c7e90aaa48b8913d45bf3925e7ee</act:parent>
</gnc:account>
<gnc:account version="2.0.0">
  <act:name>Passif</act:name>
  <act:id type="guid">3295786425594bb790c6a8b13bbb9a62</act:id>
  <act:type>LIABILITY</act:type>
  <act:commodity>
    <cmdty:space>CURRENCY</cmdty:space>
    <cmdty:id>CHF</cmdty:id>
  </act:commodity>
  <act:commodity-scu>100</act:commodity-scu>
  <act:code>PASS</act:code>
  <act:description>Passif</act:description>
  <act:slots>
    <slot>
      <slot:key>balance-limit</slot:key>
      <slot:value type="frame"/>
    </slot>
    <slot>
      <slot:key>color</slot:key>
      <slot:value type="string">rgb(237,236,235)</slot:value>
    </slot>
  </act:slots>
  <act:parent type="guid">cfc4c7e90aaa48b8913d45bf3925e7ee</act:parent>
</gnc:account>
<gnc:account version="2.0.0">
  <act:name>Revenus</act:name>
  <act:id type="guid">079289ff195444bba660b244762c5368</act:id>
  <act:type>INCOME</act:type>
  <act:commodity>
    <cmdty:space>CURRENCY</cmdty:space>
    <cmdty:id>CHF</cmdty:id>
  </act:commodity>
  <act:commodity-scu>100</act:commodity-scu>
  <act:code>REV</act:code>
  <act:description>Revenus</act:description>
  <act:slots>
    <slot>
      <slot:key>balance-limit</slot:key>
      <slot:value type="frame"/>
    </slot>
    <slot>
      <slot:key>last-num</slot:key>
      <slot:value type="string">4</slot:value>
    </slot>
  </act:slots>
  <act:parent type="guid">cfc4c7e90aaa48b8913d45bf3925e7ee</act:parent>
</gnc:account>
<gnc:account version="2.0.0">
  <act:name>Dépenses</act:name>
  <act:id type="guid">9826503d12a141159f123fb6cc3db109</act:id>
  <act:type>EXPENSE</act:type>
  <act:commodity>
    <cmdty:space>CURRENCY</cmdty:space>
    <cmdty:id>CHF</cmdty:id>
  </act:commodity>
  <act:commodity-scu>100</act:commodity-scu>
  <act:code>DEP</act:code>
  <act:description>Dépenses</act:description>
  <act:slots>
    <slot>
      <slot:key>balance-limit</slot:key>
      <slot:value type="frame"/>
    </slot>
    <slot>
      <slot:key>color</slot:key>
      <slot:value type="string">rgb(237,236,235)</slot:value>
    </slot>
  </act:slots>
  <act:parent type="guid">cfc4c7e90aaa48b8913d45bf3925e7ee</act:parent>
</gnc:account>
<gnc:account version="2.0.0">
  <act:name>Capitaux propres</act:name>
  <act:id type="guid">1f861239b462433fb2f93e1f7a687639</act:id>
  <act:type>EQUITY</act:type>
  <act:commodity>
    <cmdty:space>CURRENCY</cmdty:space>
    <cmdty:id>CHF</cmdty:id>
  </act:commodity>
  <act:commodity-scu>100</act:commodity-scu>
  <act:description>Capitaux propres</act:description>
  <act:parent type="guid">cfc4c7e90aaa48b8913d45bf3925e7ee</act:parent>
</gnc:account>
<gnc:account version="2.0.0">
  <act:name>Soldes initiaux</act:name>
  <act:id type="guid">5ebf9b35ec6c47989fb39e0afdfddac7</act:id>
  <act:type>EQUITY</act:type>
  <act:commodity>
    <cmdty:space>CURRENCY</cmdty:space>
    <cmdty:id>CHF</cmdty:id>
  </act:commodity>
  <act:commodity-scu>100</act:commodity-scu>
  <act:description>Soldes initiaux</act:description>
  <act:slots>
    <slot>
      <slot:key>equity-type</slot:key>
      <slot:value type="string">opening-balance</slot:value>
    </slot>
  </act:slots>
  <act:parent type="guid">1f861239b462433fb2f93e1f7a687639</act:parent>
</gnc:account>
<gnc:transaction version="2.0.0">
  <trn:id type="guid">4a0761b83327427fb6cefec5ecbf6f0e</trn:id>
  <trn:currency>
    <cmdty:space>CURRENCY</cmdty:space>
    <cmdty:id>CHF</cmdty:id>
  </trn:currency>
  <trn:num>1</trn:num>
  <trn:date-posted>
    <ts:date>2026-01-12 10:59:00 +0000</ts:date>
  </trn:date-posted>
  <trn:date-entered>
    <ts:date>2026-01-15 22:55:21 +0000</ts:date>
  </trn:date-entered>
  <trn:description>12 jan</trn:description>
  <trn:slots>
    <slot>
      <slot:key>date-posted</slot:key>
      <slot:value type="gdate">
        <gdate>2026-01-12</gdate>
      </slot:value>
    </slot>
  </trn:slots>
  <trn:splits>
    <trn:split>
      <split:id type="guid">e769c2a834f74fefab68251840b98b26</split:id>
      <split:reconciled-state>n</split:reconciled-state>
      <split:value>10000/100</split:value>
      <split:quantity>10000/100</split:quantity>
      <split:account type="guid">8045706b3dc94697baa0ab7601536216</split:account>
    </trn:split>
    <trn:split>
      <split:id type="guid">8e99c6a58cd347d2928da3af7cfa293a</split:id>
      <split:reconciled-state>n</split:reconciled-state>
      <split:value>-10000/100</split:value>
      <split:quantity>-10000/100</split:quantity>
      <split:account type="guid">079289ff195444bba660b244762c5368</split:account>
    </trn:split>
  </trn:splits>
</gnc:transaction>
<gnc:transaction version="2.0.0">
  <trn:id type="guid">53c71333eb454959aa18df45660b8bf4</trn:id>
  <trn:currency>
    <cmdty:space>CURRENCY</cmdty:space>
    <cmdty:id>CHF</cmdty:id>
  </trn:currency>
  <trn:num>2</trn:num>
  <trn:date-posted>
    <ts:date>2026-01-13 10:59:00 +0000</ts:date>
  </trn:date-posted>
  <trn:date-entered>
    <ts:date>2026-01-15 22:55:38 +0000</ts:date>
  </trn:date-entered>
  <trn:description>13 jan</trn:description>
  <trn:slots>
    <slot>
      <slot:key>date-posted</slot:key>
      <slot:value type="gdate">
        <gdate>2026-01-13</gdate>
      </slot:value>
    </slot>
  </trn:slots>
  <trn:splits>
    <trn:split>
      <split:id type="guid">1d2bcdda597a4f6f92df127425161f09</split:id>
      <split:reconciled-state>n</split:reconciled-state>
      <split:value>20000/100</split:value>
      <split:quantity>20000/100</split:quantity>
      <split:account type="guid">9826503d12a141159f123fb6cc3db109</split:account>
    </trn:split>
    <trn:split>
      <split:id type="guid">08f31135f9c24c088d944dc9298d1130</split:id>
      <split:reconciled-state>n</split:reconciled-state>
      <split:value>-20000/100</split:value>
      <split:quantity>-20000/100</split:quantity>
      <split:account type="guid">079289ff195444bba660b244762c5368</split:account>
    </trn:split>
  </trn:splits>
</gnc:transaction>
<gnc:transaction version="2.0.0">
  <trn:id type="guid">a09847117336443f86e133290ec57f60</trn:id>
  <trn:currency>
    <cmdty:space>CURRENCY</cmdty:space>
    <cmdty:id>CHF</cmdty:id>
  </trn:currency>
  <trn:num>3</trn:num>
  <trn:date-posted>
    <ts:date>2026-01-14 10:59:00 +0000</ts:date>
  </trn:date-posted>
  <trn:date-entered>
    <ts:date>2026-01-15 22:55:51 +0000</ts:date>
  </trn:date-entered>
  <trn:description>14 jan</trn:description>
  <trn:slots>
    <slot>
      <slot:key>date-posted</slot:key>
      <slot:value type="gdate">
        <gdate>2026-01-14</gdate>
      </slot:value>
    </slot>
  </trn:slots>
  <trn:splits>
    <trn:split>
      <split:id type="guid">f931c217e3a0406b9f2ed96312a3de2c</split:id>
      <split:reconciled-state>n</split:reconciled-state>
      <split:value>30000/100</split:value>
      <split:quantity>30000/100</split:quantity>
      <split:account type="guid">9826503d12a141159f123fb6cc3db109</split:account>
    </trn:split>
    <trn:split>
      <split:id type="guid">84ee4e1a153747a1bd4ef6a1b1196338</split:id>
      <split:reconciled-state>n</split:reconciled-state>
      <split:value>-30000/100</split:value>
      <split:quantity>-30000/100</split:quantity>
      <split:account type="guid">079289ff195444bba660b244762c5368</split:account>
    </trn:split>
  </trn:splits>
</gnc:transaction>
<gnc:transaction version="2.0.0">
  <trn:id type="guid">b8ab49f89ba54fccb4088c0927be3c84</trn:id>
  <trn:currency>
    <cmdty:space>CURRENCY</cmdty:space>
    <cmdty:id>CHF</cmdty:id>
  </trn:currency>
  <trn:num>4</trn:num>
  <trn:date-posted>
    <ts:date>2026-01-15 10:59:00 +0000</ts:date>
  </trn:date-posted>
  <trn:date-entered>
    <ts:date>2026-01-15 22:56:05 +0000</ts:date>
  </trn:date-entered>
  <trn:description>15 jan</trn:description>
  <trn:slots>
    <slot>
      <slot:key>date-posted</slot:key>
      <slot:value type="gdate">
        <gdate>2026-01-15</gdate>
      </slot:value>
    </slot>
  </trn:slots>
  <trn:splits>
    <trn:split>
      <split:id type="guid">367aaac6e9b4419ca2c48da94c6a0013</split:id>
      <split:reconciled-state>n</split:reconciled-state>
      <split:value>40000/100</split:value>
      <split:quantity>40000/100</split:quantity>
      <split:account type="guid">9826503d12a141159f123fb6cc3db109</split:account>
    </trn:split>
    <trn:split>
      <split:id type="guid">9c9b6989496e4b74aafe1779ab0de746</split:id>
      <split:reconciled-state>n</split:reconciled-state>
      <split:value>-40000/100</split:value>
      <split:quantity>-40000/100</split:quantity>
      <split:account type="guid">079289ff195444bba660b244762c5368</split:account>
    </trn:split>
  </trn:splits>
</gnc:transaction>
<gnc:transaction version="2.0.0">
  <trn:id type="guid">829452da33ef4497b32f0102dfdead44</trn:id>
  <trn:currency>
    <cmdty:space>CURRENCY</cmdty:space>
    <cmdty:id>CHF</cmdty:id>
  </trn:currency>
  <trn:num>5</trn:num>
  <trn:date-posted>
    <ts:date>2026-01-17 10:59:00 +0000</ts:date>
  </trn:date-posted>
  <trn:date-entered>
    <ts:date>2026-01-15 22:56:24 +0000</ts:date>
  </trn:date-entered>
  <trn:description>16 jan</trn:description>
  <trn:slots>
    <slot>
      <slot:key>date-posted</slot:key>
      <slot:value type="gdate">
        <gdate>2026-01-17</gdate>
      </slot:value>
    </slot>
  </trn:slots>
  <trn:splits>
    <trn:split>
      <split:id type="guid">9d71dd405fd548d99032d271ff2bee01</split:id>
      <split:reconciled-state>n</split:reconciled-state>
      <split:value>50000/100</split:value>
      <split:quantity>50000/100</split:quantity>
      <split:account type="guid">9826503d12a141159f123fb6cc3db109</split:account>
    </trn:split>
    <trn:split>
      <split:id type="guid">675b92df835b424b81c25b25ebf8a477</split:id>
      <split:reconciled-state>n</split:reconciled-state>
      <split:value>-50000/100</split:value>
      <split:quantity>-50000/100</split:quantity>
      <split:account type="guid">079289ff195444bba660b244762c5368</split:account>
    </trn:split>
  </trn:splits>
</gnc:transaction>
</gnc:book>
</gnc-v2>

